<record><leader>00000cas a22000007a 4500</leader><controlfield tag="001">11062937</controlfield><controlfield tag="008">840816d18801881nyudn ne      0    0eng d</controlfield><datafield ind1=" " ind2=" " tag="010"><subfield code="a">sn 84031348 </subfield></datafield><datafield ind1=" " ind2=" " tag="040"><subfield code="a">NYG</subfield><subfield code="b">eng</subfield><subfield code="c">NYG</subfield><subfield code="d">NYS</subfield><subfield code="d">OCLCQ</subfield></datafield><datafield ind1=" " ind2=" " tag="042"><subfield code="a">msc</subfield></datafield><datafield ind1="0" ind2="0" tag="245"><subfield code="a">Cuba daily news.</subfield></datafield><datafield ind1=" " ind2=" " tag="260"><subfield code="a">Cuba, N.Y. :</subfield><subfield code="b">[Burnett &amp; Nash,</subfield><subfield code="c">1880]-</subfield></datafield><datafield ind1=" " ind2=" " tag="300"><subfield code="a">1 v. ;</subfield><subfield code="c">17 cm.</subfield></datafield><datafield ind1=" " ind2=" " tag="310"><subfield code="a">Daily (except Sunday)</subfield></datafield><datafield ind1="0" ind2=" " tag="362"><subfield code="a">Vol. 1, no. 1 (Aug. 23, 1880)-</subfield></datafield><datafield ind1="1" ind2=" " tag="362"><subfield code="a">Ceased with May 7, 1881 issue?</subfield></datafield><datafield ind1=" " ind2=" " tag="500"><subfield code="a">Publishers: Burnett &amp; Nash, Aug. 23, 1880-Feb. 16, 1881; C.W. Nash, Feb. 23, 1881-</subfield></datafield><datafield ind1=" " ind2=" " tag="530"><subfield code="a">Also issued on microfilm from Micro Photo Division, Bell and Howell.</subfield></datafield><datafield ind1=" " ind2="4" tag="651"><subfield code="a">Cuba (N.Y.)</subfield><subfield code="v">Newspapers.</subfield></datafield><datafield ind1=" " ind2=" " tag="752"><subfield code="a">United States</subfield><subfield code="b">New York</subfield><subfield code="c">Allegany</subfield><subfield code="d">Cuba.</subfield></datafield><datafield ind1="1" ind2=" " tag="029"><subfield code="a">AU@</subfield><subfield code="b">000020635663</subfield></datafield></record>